<?xml version="1.0" encoding="utf-8"?>
<record xmlns="http://www.loc.gov/MARC21/slim" xmlns:xsi="http://www.w3.org/2001/XMLSchema-instance" xsi:schemaLocation="http://www.loc.gov/MARC21/slim http://www.loc.gov/standards/marcxml/schema/MARC21slim.xsd">
	<leader>
		02119nam a2200385   4500
	</leader>
	<controlfield tag="001">
		642569
	</controlfield>
	<controlfield tag="003">
		NNC
	</controlfield>
	<controlfield tag="006">
		m        d        
	</controlfield>
	<controlfield tag="007">
		cr cn |||m|||a
	</controlfield>
	<controlfield tag="008">
		151102s1938    ua      o     000 0 ara d
	</controlfield>
	<datafield ind1=" " ind2=" " tag="040">
		<subfield code="a">
			NNU
		</subfield>
		<subfield code="b">
			eng
		</subfield>
		<subfield code="e">
			rda
		</subfield>
		<subfield code="c">
			NNU
		</subfield>
	</datafield>
	<datafield ind1="1" ind2=" " tag="100">
		<subfield code="a">
			Shirwānī, ʻAbd al-Hamīd.
		</subfield>
	</datafield>
	<datafield ind1="1" ind2="0" tag="245">
		<subfield code="a">
			Hawāshī Tuḥfat al-muḥtāj bi-sharḥ al-Minhāj :
		</subfield>
		<subfield code="b">
			wa-bi-hāmashat Ṭuhfat al-muḥtāj bi-sharḥ al-Minhāj.
		</subfield>
	</datafield>
	<datafield ind1=" " ind2=" " tag="260">
		<subfield code="a">
			Misr :
		</subfield>
		<subfield code="b">
			al-Maktabah al-Tijariyah al-Kubra,
		</subfield>
		<subfield code="c">
			1938.
		</subfield>
	</datafield>
	<datafield ind1=" " ind2=" " tag="300">
		<subfield code="a">
			online resource (10 volumes)
		</subfield>
	</datafield>
	<datafield ind1=" " ind2=" " tag="336">
		<subfield code="a">
			text
		</subfield>
		<subfield code="2">
			rdacontent
		</subfield>
	</datafield>
	<datafield ind1=" " ind2=" " tag="337">
		<subfield code="a">
			computer
		</subfield>
		<subfield code="2">
			rdamedia
		</subfield>
	</datafield>
	<datafield ind1=" " ind2=" " tag="338">
		<subfield code="a">
			online resource
		</subfield>
		<subfield code="2">
			rdacarrier
		</subfield>
	</datafield>
	<datafield ind1=" " ind2=" " tag="500">
		<subfield code="a">
			The text of Tuḥfat al-muḥtāj, an abridgment of al-Nawawī's al-Minhāj, is printed in the margin.
		</subfield>
	</datafield>
	<datafield ind1=" " ind2=" " tag="500">
		<subfield code="a">
			Part of the Arabic Collections Online (ACO) project, contributed by Columbia University Libraries.
		</subfield>
	</datafield>
	<datafield ind1=" " ind2=" " tag="533">
		<subfield code="a">
			Electronic reproduction.
		</subfield>
		<subfield code="b">
			New York, N.Y. :
		</subfield>
		<subfield code="c">
			New York University,
		</subfield>
		<subfield code="d">
			2015.
		</subfield>
		<subfield code="5">
			NNU
		</subfield>
	</datafield>
	<datafield ind1="0" ind2="0" tag="600">
		<subfield code="a">
			Nawawī,
		</subfield>
		<subfield code="d">
			1233-1277.
		</subfield>
		<subfield code="t">
			Minhāj.
		</subfield>
	</datafield>
	<datafield ind1=" " ind2="0" tag="650">
		<subfield code="a">
			Islamic law.
		</subfield>
	</datafield>
	<datafield ind1=" " ind2="0" tag="650">
		<subfield code="a">
			Shafiites.
		</subfield>
	</datafield>
	<datafield ind1="1" ind2=" " tag="700">
		<subfield code="a">
			Ibn Qāsim al-ʻAbbādī, Aḥmad,
		</subfield>
		<subfield code="d">
			-approximately 1585.
		</subfield>
	</datafield>
	<datafield ind1="1" ind2=" " tag="700">
		<subfield code="a">
			Ibn Ḥajar al-Haythamī, Aḥmad ibn Muḥammad,
		</subfield>
		<subfield code="d">
			approximately 1503-approximately 1566.
		</subfield>
		<subfield code="t">
			Tuḥfat al-muḥtāj bi-sharḥ al-Minhāj.
		</subfield>
	</datafield>
	<datafield ind1="2" ind2=" " tag="710">
		<subfield code="a">
			Columbia University.
		</subfield>
		<subfield code="b">
			Libraries.
		</subfield>
	</datafield>
	<datafield ind1="0" ind2=" " tag="730">
		<subfield code="a">
			Arabic Collections Online.
		</subfield>
	</datafield>
	<datafield ind1="0" ind2=" " tag="740">
		<subfield code="a">
			Tuḥfat al-muḥtāj bi-sharḥ al-Minhāj.
		</subfield>
	</datafield>
	<datafield ind1="0" ind2="8" tag="776">
		<subfield code="i">
			Print version:
		</subfield>
		<subfield code="a">
			Shirwānī, ʻAbd al-Hamīd.
		</subfield>
		<subfield code="t">
			Hawāshī Tuḥfat al-muḥtāj bi-sharḥ al-Minhāj
		</subfield>
		<subfield code="w">
			(NNC)642569
		</subfield>
		<subfield code="w">
			(OCoLC)48549878
		</subfield>
	</datafield>
	<datafield ind1="4" ind2="0" tag="856">
		<subfield code="u">
			http://hdl.handle.net/2333.1/bzkh1c77
		</subfield>
	</datafield>
	<datafield ind1="4" ind2="0" tag="856">
		<subfield code="u">
			http://hdl.handle.net/2333.1/bzkh1c77
		</subfield>
	</datafield>
	<datafield ind1=" " ind2=" " tag="959">
		<subfield code="a">
			NNU
		</subfield>
		<subfield code="b">
			WEB
		</subfield>
		<subfield code="c">
			GENI
		</subfield>
		<subfield code="t">
			0
		</subfield>
		<subfield code="m">
			Electronic access
		</subfield>
		<subfield code="s">
			01
		</subfield>
	</datafield>
	<datafield ind1=" " ind2=" " tag="959">
		<subfield code="a">
			NNU
		</subfield>
		<subfield code="b">
			WEB
		</subfield>
		<subfield code="c">
			GENI
		</subfield>
		<subfield code="t">
			0
		</subfield>
		<subfield code="m">
			Electronic access
		</subfield>
		<subfield code="s">
			01
		</subfield>
	</datafield>
	<datafield ind1=" " ind2=" " tag="999">
		<subfield code="i">
			NNC_642569
		</subfield>
		<subfield code="o">
			(OCoLC)ocm48549878 
		</subfield>
		<subfield code="s">
			columbia_aco001385:v.1
		</subfield>
		<subfield code="s">
			columbia_aco001386:v.2
		</subfield>
		<subfield code="s">
			columbia_aco001387:v.3
		</subfield>
		<subfield code="s">
			columbia_aco001388:v.4
		</subfield>
		<subfield code="s">
			columbia_aco001389:v.5
		</subfield>
		<subfield code="s">
			columbia_aco001390:v.6
		</subfield>
		<subfield code="s">
			columbia_aco001391:v.7
		</subfield>
		<subfield code="s">
			columbia_aco001392:v.8
		</subfield>
		<subfield code="s">
			columbia_aco001393:v.9
		</subfield>
		<subfield code="s">
			columbia_aco001394:v.10
		</subfield>
		<subfield code="e">
			(ERROR-880)
		</subfield>
	</datafield>
</record>
